<?xml version="1.0" encoding="UTF-8"?><collection><record><leader>04047ntm a2200493 a 4500</leader><controlfield tag="001">006823192</controlfield><controlfield tag="003">MiAaHDL</controlfield><controlfield tag="005">20190719000000.0</controlfield><controlfield tag="006">m        d        </controlfield><controlfield tag="007">cr bn ---auaua</controlfield><controlfield tag="008">090625s1829    xx            00| ||per d</controlfield><datafield tag="035" ind1=" " ind2=" "><subfield code="a">(MiU)006823192</subfield></datafield><datafield tag="035" ind1=" " ind2=" "><subfield code="a">sdr-miu006823192</subfield></datafield><datafield tag="040" ind1=" " ind2=" "><subfield code="a">MiU</subfield><subfield code="c">MiU</subfield><subfield code="e">amremm</subfield></datafield><datafield tag="043" ind1=" " ind2=" "><subfield code="a">n-us-mi</subfield></datafield><datafield tag="245" ind1="0" ind2="0"><subfield code="6">880-03</subfield><subfield code="a">Dīvān-i ghazalīyāt-i Harātī mawsūm bi-S̲amarāt al-ʻushshāq,</subfield><subfield code="f">[1244, i.e. 1829].</subfield></datafield><datafield tag="246" ind1="3" ind2=" "><subfield code="i">Edge title (head):</subfield><subfield code="a">ثمرات العشاق</subfield></datafield><datafield tag="246" ind1="3" ind2=" "><subfield code="6">880-04</subfield><subfield code="i">Title from inscription in pencil on incipit page (p.4)</subfield><subfield code="a">ثمرات العشاق</subfield></datafield><datafield tag="246" ind1="3" ind2=" "><subfield code="a">ديوان غزليات هراتي موسوم بثمرات العشاق</subfield></datafield><datafield tag="260" ind1=" " ind2=" "><subfield code="c">[1829].</subfield></datafield><datafield tag="300" ind1=" " ind2=" "><subfield code="a">130 leaves :</subfield><subfield code="b">paper ;</subfield><subfield code="c">200 x 150 (150 x 90) mm.</subfield></datafield><datafield tag="500" ind1=" " ind2=" "><subfield code="a">Shelfmark: Ann Arbor, University of Michigan, Special Collections Library, Isl. Ms. 1037</subfield></datafield><datafield tag="500" ind1=" " ind2=" "><subfield code="a">Origin: As appears in colophon at close of ghazalīyāt on p.241, transcription completed Rajab 1244 [January 1829]. Close of muqaṭṭaʻāt on p.257 also dated 1244 [1828 or 9].</subfield></datafield><datafield tag="500" ind1=" " ind2=" "><subfield code="a">Former shelfmark: Mich. Isl. Ms. temp. no. 186</subfield></datafield><datafield tag="500" ind1=" " ind2=" "><subfield code="a">Binding: Dark brown (to black) leather (limp binding, without boards) ; Type III binding (without flap) ; now stab sewn in white thread, five stations ; worked chevron endbands in yellow and pink, good condition ; overall in fair condition with minor abrasion, losses of leather, minor pest damage, etc. ; repair to spine (rebacked) in brown leather.</subfield></datafield><datafield tag="500" ind1=" " ind2=" "><subfield code="a">Support: European laid paper, mainly a type (perhaps machine laid) with chain lines spaced 26 mm. apart (horizontal), "laid lines" in a mesh / cross-hatch pattern, and watermark of "NICCOLO BRUZZO" under scrollwork with tower and star (see p.6, 8, 12, 14, 251, etc.) ; another type with 10-11 laid lines per cm. (vertical), chain lines spaced 27-28 mm. apart (horizontal), and watermark of "F. PAPINI" under arms or scrollwork (see p.2, 232, etc.) ; all transluscent, sturdy, quite well-sized and burnished.</subfield></datafield><datafield tag="500" ind1=" " ind2=" "><subfield code="a">Decoration: Headings and keywords rubricated.</subfield></datafield><datafield tag="500" ind1=" " ind2=" "><subfield code="a">Script: Shikastah (shikastah-nastaʻlīq / شكسته نستعليق ) ; elegant hand in a medium line ; serifless with effect of words descending to baseline, sweeping descenders and elongation of horizontal strokes, pointing in distinct or conjoined dots, final nūn occasionally recurved (reversed), yāʼ often uncurved, etc.</subfield></datafield><datafield tag="500" ind1=" " ind2=" "><subfield code="a">Layout: Written in 15 lines per page, with written area divided to two columns ; frame-ruled.</subfield></datafield><datafield tag="500" ind1=" " ind2=" "><subfield code="a">Collation: Composition difficult to examine, originally bifolia may now be split ; catchwords present ; pagination in pencil, Western numerals, supplied during digitization (skips two pages between pp.29-30).</subfield></datafield><datafield tag="500" ind1=" " ind2=" "><subfield code="a">Colophon: [ghazalīyāt] "تمت الغزليات بتاريخ شهر رجب المرجب من شهور سنه ١٢۴۴ م م م " ; [muqaṭṭaʻāt] "فى سنه ١٢۴۴ م م م"</subfield></datafield><datafield tag="500" ind1=" " ind2=" "><subfield code="a">Title from rubricated heading at opening on p.4.</subfield></datafield><datafield tag="500" ind1=" " ind2=" "><subfield code="a">Ms. codex.</subfield></datafield><datafield tag="510" ind1="4" ind2=" "><subfield code="a">Āghā Buzurg al-Ṭihrānī. al-Dharīʻah ilá taṣānīf al-Shīʻah,</subfield><subfield code="c">8281 v.9 part 4</subfield></datafield><datafield tag="520" ind1="8" ind2=" "><subfield code="a">Fine copy of the collected poems (mainly ghazalīyāt and muqaṭṭaʻāt) of one Harātī [?].</subfield></datafield><datafield tag="538" ind1=" " ind2=" "><subfield code="a">Mode of access: Internet.</subfield></datafield><datafield tag="541" ind1=" " ind2=" "><subfield code="c">Purchase ;</subfield><subfield code="a">Purchased in Egypt by Mr. Sulaiman ; notes and excerpts on opening leaf and 'title page' ;</subfield><subfield code="d">Received: 1968 ;</subfield><subfield code="e">(Sulaiman 690713-156)</subfield></datafield><datafield tag="546" ind1=" " ind2=" "><subfield code="a">Persian.</subfield></datafield><datafield tag="561" ind1=" " ind2=" "><subfield code="a">UM Library inscription on opening leaf (p.1) "Spec. Coll. Lib. 690713-156 Sulaiman 1968" ; glosses and marginal corrections.</subfield></datafield><datafield tag="650" ind1=" " ind2="0"><subfield code="a">Manuscripts, Persian</subfield><subfield code="z">Michigan</subfield><subfield code="z">Ann Arbor.</subfield></datafield><datafield tag="650" ind1=" " ind2="0"><subfield code="a">Persian poetry.</subfield></datafield><datafield tag="773" ind1="0" ind2=" "><subfield code="a">Sulaiman Purchase Collection.</subfield></datafield><datafield tag="880" ind1="3" ind2=" "><subfield code="6">246-04/</subfield><subfield code="a">S̲amarāt al-ʻushshāq</subfield></datafield><datafield tag="880" ind1="0" ind2="0"><subfield code="6">245-03/</subfield><subfield code="a">دیوان غزلیات هراتی موسوم بثمرات العشاق</subfield><subfield code="f">[1244ه, 1829م].</subfield></datafield><datafield tag="CID" ind1=" " ind2=" "><subfield code="a">006823192</subfield></datafield><datafield tag="DAT" ind1="0" ind2=" "><subfield code="a">20190719102640.0</subfield><subfield code="b">20190719000000.0</subfield></datafield><datafield tag="DAT" ind1="1" ind2=" "><subfield code="a">20190719090653.0</subfield><subfield code="b">2019-07-19T16:10:53Z</subfield></datafield><datafield tag="DAT" ind1="2" ind2=" "><subfield code="a">2015-10-10T18:00:06Z</subfield></datafield><datafield tag="CAT" ind1=" " ind2=" "><subfield code="a">SDR-MIU</subfield><subfield code="d">EX LIBRIS - ALEPH</subfield><subfield code="l">prepare.pl-004-008</subfield></datafield><datafield tag="FMT" ind1=" " ind2=" "><subfield code="a">BK</subfield></datafield><datafield tag="HOL" ind1=" " ind2=" "><subfield code="0">sdr-miu006823192</subfield><subfield code="a">MiU</subfield><subfield code="b">SDR</subfield><subfield code="c">MIU</subfield><subfield code="p">mdp.39015079131028</subfield><subfield code="s">MIU</subfield><subfield code="1">006823192</subfield></datafield><datafield tag="974" ind1=" " ind2=" "><subfield code="b">MIU</subfield><subfield code="c">MIU</subfield><subfield code="d">20190719</subfield><subfield code="s">lit-dlps-dc</subfield><subfield code="u">mdp.39015079131028</subfield><subfield code="y">1829</subfield><subfield code="r">pd</subfield><subfield code="q">bib</subfield><subfield code="t">non-US bib date1 &lt; 1896</subfield></datafield></record></collection>